@unpublished{GenPurpTech,
  title        = {{The Decline of Computers as a General Purpose Technology}},
  author       = {Neil C. Thompson, Svenja Spanuth},
  howpublished = {\url{https://papers.ssrn.com/sol3/papers.cfm?abstract_id=3287769}},
  year         = {2018},
  note         = {Visited 20.1.2021}
}

@unpublished{XilPerservance,
  title        = {{Touchdown! NASAâ€™s Perseverance Rover Lands on Mars with Xilinx FPGAs On Board}},
  author       = {Xilinx Employee},
  howpublished = {\url{https://forums.xilinx.com/t5/Xilinx-Xclusive-Blog/Touchdown-NASA-s-Perseverance-Rover-Lands-on-Mars-with-Xilinx/ba-p/1209732}},
  year         = {2021},
  note         = {Visited 19.4.2021}
}

@misc{XilFPGAIntro,
  title        = {{What is an FPGA?}},
  publisher    = {Xilinx Inc.},
  howpublished = {\url{https://www.xilinx.com/html_docs/xilinx2017_4/sdaccel_doc/gac1504034293050.html}},
  note         = {Visited 19.4.2021}
}

@misc{XilFPGAArch,
  title        = {{Understanding FPGA Architecture}},
  publisher    = {Xilinx Inc.},
  howpublished = {\url{https://www.xilinx.com/html_docs/xilinx2017_4/sdaccel_doc/odz1504034293215.html}},
  note         = {Visited 19.4.2021}
}

@misc{XilLUT,
  title        = {{LUT}},
  publisher    = {Xilinx Inc.},
  howpublished = {\url{https://www.xilinx.com/html_docs/xilinx2017_4/sdaccel_doc/yeo1504034293627.html}},
  note         = {Visited 21.4.2021}
}

@article{XilHist,
  author       = {Wim Roelandts},
  title        = {{15 Years of Innovation}},
  journal      = {XCell},
  volume       = {32},
  pages        = {2},
  year         = {1999},
  url          = {https://www.xilinx.com/publications/archives/xcell/Xcell32.pdf},
}

@misc{XilShare,
  title        = {{Investor Overview}},
  publisher    = {Xilinx Inc.},
  howpublished = {\url{https://investor.xilinx.com/static-files/2958145c-e3a2-456f-a461-bc9cba375af3}},
  note         = {Visited 19.4.2021}
}

@manual{XilClbMan,
  title          = {{7 Series FPGAs Configurable Logic Block}},
  organization = {Xilinx Inc.},
  year           = {2016},
}